<?xml version="1.0" encoding="UTF-8"?><record xmlns="http://www.loc.gov/MARC21/slim" xmlns:cinclude="http://apache.org/cocoon/include/1.0" xmlns:zs="http://www.loc.gov/zing/srw/">
  <leader>00347cz  a2200121n  4500</leader>
  <controlfield tag="001">n  85000923 </controlfield>
  <controlfield tag="003">DLC</controlfield>
  <controlfield tag="005">19850417105810.5</controlfield>
  <controlfield tag="008">850211n| acannaab|          |n aaa |||  </controlfield>
  <datafield tag="010" ind1=" " ind2=" ">
    <subfield code="a">n  85000923 </subfield>
  </datafield>
  <datafield tag="040" ind1=" " ind2=" ">
    <subfield code="a">DLC</subfield>
    <subfield code="c">DLC</subfield>
    <subfield code="d">DLC</subfield>
  </datafield>
  <datafield tag="100" ind1="1" ind2="0">
    <subfield code="a">Hirschmann, Jane R.,</subfield>
    <subfield code="d">1946-</subfield>
  </datafield>
  <datafield tag="670" ind1=" " ind2=" ">
    <subfield code="a">Her Are you hungry? c1985:</subfield>
    <subfield code="b">CIP t.p. (Jane R. Hirschmann) data sheet (b. 1946)</subfield>
  </datafield>
</record>